<record><leader>00000cas a22000007a 4500</leader><controlfield tag="001">15208794</controlfield><controlfield tag="008">870218d19111922iaucr ne      0    0eng d</controlfield><datafield ind1=" " ind2=" " tag="010"><subfield code="a">sn 87057249 </subfield></datafield><datafield ind1=" " ind2=" " tag="040"><subfield code="a">INP</subfield><subfield code="b">eng</subfield><subfield code="c">INP</subfield><subfield code="d">OCLCQ</subfield></datafield><datafield ind1=" " ind2=" " tag="042"><subfield code="a">msc</subfield></datafield><datafield ind1="0" ind2=" " tag="130"><subfield code="a">Centerville journal (Centerville, Iowa : 1911)</subfield></datafield><datafield ind1="1" ind2="4" tag="245"><subfield code="a">The Centerville journal.</subfield></datafield><datafield ind1=" " ind2=" " tag="260"><subfield code="a">Centerville, Iowa :</subfield><subfield code="b">R.S. Osburn,</subfield><subfield code="c">1911-1922.</subfield></datafield><datafield ind1=" " ind2=" " tag="300"><subfield code="a">12 v. :</subfield><subfield code="b">ill. ;</subfield><subfield code="c">48-55 cm.</subfield></datafield><datafield ind1=" " ind2=" " tag="310"><subfield code="a">Semiweekly,</subfield><subfield code="b">May 24, 1921-July 13, 1922</subfield></datafield><datafield ind1=" " ind2=" " tag="321"><subfield code="a">Weekly,</subfield><subfield code="b">Oct. 26, 1911-May 8, 1919</subfield></datafield><datafield ind1=" " ind2=" " tag="321"><subfield code="a">Semiweekly,</subfield><subfield code="b">May 13, 1919-Nov. 11, 1920</subfield></datafield><datafield ind1=" " ind2=" " tag="321"><subfield code="a">Weekly,</subfield><subfield code="b">Nov. 18, 1920-May 19, 1921</subfield></datafield><datafield ind1="0" ind2=" " tag="362"><subfield code="a">Vol. 40, no. 46 (Oct. 26, 1911)-v. 51, no. 56 (July 13, 1922).</subfield></datafield><datafield ind1=" " ind2=" " tag="500"><subfield code="a">Publisher varies.</subfield></datafield><datafield ind1=" " ind2=" " tag="752"><subfield code="a">United States</subfield><subfield code="b">Iowa</subfield><subfield code="c">Appanoose</subfield><subfield code="d">Centerville.</subfield></datafield><datafield ind1="0" ind2="0" tag="780"><subfield code="t">Semi-weekly journal (Centerville, Iowa)</subfield><subfield code="w">(DLC)sn 87057251</subfield></datafield><datafield ind1="0" ind2="0" tag="785"><subfield code="t">Centerville daily journal</subfield><subfield code="w">(DLC)sn 87057248</subfield></datafield></record>